@inproceedings{andreolini:2006,
author = {Andreolini, Mauro and Casolari, Sara},
booktitle = {Proceedings of the 1st international conference on Performance evaluation methodolgies and tools},
organization = {ACM},
pages = {27},
title = {{Load prediction models in web-based systems}},
year = {2006}
}
@misc{ganglia:2013,
title={Ganglia},
howpublished = {URL: {http://ganglia.sourceforge.net}},
}
@misc{rrdt:2013,
title={RDDtool software},
howpublished={URL: {http://oss.oetiker.ch/rrdtool/}},
}
@misc{nagios:2013,
title={Nagios software},
howpublished={URL: {http://www.nagios.org}},
}
@misc{APM:2013,
title={Wikipedia: Application Performance Management},
howpublished={URL: {http://en.wikipedia.org/wiki/Application\_performance\_management}}
}
@misc{haproxy:2013,
title={HAProxy software},
howpublished={URL: {http://haproxy.1wt.eu}}
}
@article{tarreau:2006,
  title={Making applications scalable with load balancing},
  author={Tarreau, Willy},
  journal={Willy Tarreau's articles},
  year={2006}
}
